<?xml version="1.0" encoding="UTF-8" ?>
<marc:collection xmlns:marc="http://www.loc.gov/MARC21/slim" 
xmlns:xsi="http://www.w3.org/2001/XMLSchema-instance" 
xsi:schemaLocation="http://www.loc.gov/MARC21/slim 
http://www.loc.gov/standards/marcxml/schema/MARC21slim.xsd">
  <marc:record>
    <marc:leader>00000nam a2200421 c 4500</marc:leader>
    <marc:controlfield tag="007">cr |||||||||||</marc:controlfield>
    <marc:controlfield tag="007">tu</marc:controlfield>
    <marc:controlfield tag="008">      |2017    au      om    ||| |     u</marc:controlfield>
    <marc:datafield tag="040" ind1=" " ind2=" ">
      <marc:subfield code="a">UBG</marc:subfield>
      <marc:subfield code="b">ger</marc:subfield>
      <marc:subfield code="c">VL-WG-UBG</marc:subfield>
      <marc:subfield code="e">rda</marc:subfield>
    </marc:datafield>
    <marc:datafield tag="044" ind1=" " ind2=" ">
      <marc:subfield code="c">XA-AT</marc:subfield>
    </marc:datafield>
    <marc:datafield tag="100" ind1="1" ind2=" ">
      <marc:subfield code="a">Rabenberger, Sophia Anna Maria</marc:subfield>
      <marc:subfield code="4">aut</marc:subfield>
    </marc:datafield>
    <marc:datafield tag="245" ind1="0" ind2="0">
      <marc:subfield code="a">Einfluss der Adenosinkinase-Hemmung auf die hepatische Autophagie-Aktivität</marc:subfield>
    </marc:datafield>
    <marc:datafield tag="246" ind1="3" ind2="3">
      <marc:subfield code="a">Effect of adenosine kinase inhibition on hepatic autophagy</marc:subfield>
    </marc:datafield>
    <marc:datafield tag="264" ind1=" " ind2="1">
      <marc:subfield code="a">Graz</marc:subfield>
      <marc:subfield code="c">2017</marc:subfield>
    </marc:datafield>
    <marc:datafield tag="336" ind1=" " ind2=" ">
      <marc:subfield code="b">txt</marc:subfield>
    </marc:datafield>
    <marc:datafield tag="337" ind1=" " ind2=" ">
      <marc:subfield code="b">n</marc:subfield>
    </marc:datafield>
    <marc:datafield tag="338" ind1=" " ind2=" ">
      <marc:subfield code="b">nc</marc:subfield>
    </marc:datafield>
    <marc:datafield tag="500" ind1=" " ind2=" ">
      <marc:subfield code="a">Arbeit an der Bibliothek noch nicht eingelangt - Daten nicht geprüft</marc:subfield>
    </marc:datafield>
    <marc:datafield tag="500" ind1=" " ind2=" ">
      <marc:subfield code="a">Abweichender Titel laut Übersetzung des Verfassers/der Verfasserin</marc:subfield>
    </marc:datafield>
    <marc:datafield tag="502" ind1=" " ind2=" ">
      <marc:subfield code="b">Diplomarbeit</marc:subfield>
      <marc:subfield code="c">Karl-Franzens-Universität Graz</marc:subfield>
      <marc:subfield code="d">2017</marc:subfield>
    </marc:datafield>
    <marc:datafield tag="520" ind1=" " ind2=" ">
        <marc:subfield code="a">ger: Die Autophagie stellt einen wichtigen intrazellulären Abbaumechanismus dar, der der Beseitigung von langlebigen Proteinen, Lipiden und Zellorganellen dient. Dazu wird die Struktur von Autophagosomen umschlossen und nach Fusion mit Lysosomen durch lysosomale Hydrolasen abgebaut. Da die Abbauprodukte der Biomoleküle der Zelle zur Wiederverwendung zur Verfügung stehen, kann die Autophagie als Recycling-Mechanismus angesehen werden, der je nach Nährstoffangebot, metabolischer Aktivität und zellulärem Stress aktiviert wird. Der Fokus dieser Diplomarbeit bestand darin, den Einfluss der Hemmung des Enzyms Adenosinkinase (ADK) auf die Autophagie zu untersuchen. ADK katalysiert die Phosphorylierung von Adenosin zu Adenosinmonophosphat und ist so grundlegend an der Regulation des intrazellulären Gleichgewichts zwischen Adenosin und phosphorylierten Adenin-Nukleotiden beteiligt. In der vorliegenden Arbeit wurden Leberhomogenate von Mäusen, die mit dem ADK-Inhibitor ABT-702 (10 mg/kg KG) oder mit Vehikel behandelt wurden, hergestellt und die Level der Autophagiemarker LC3-I und LC3-II mittels Western Blot gemessen. Nach einer dreistündigen Behandlung der Mäuse mit ABT-702 waren deutlich erhöhte LC3-II-Konzentrationen messbar. Außerdem konnte in Experimenten mit Bafilomycin-behandelten Tieren gezeigt werden, dass ABT-702 den autophagosomalen Abbau hemmt. Des Weiteren konnte ein Zusammenhang zwischen einer Adenosin-Rezeptor- vermittelten Reaktion und der Bildung von LC3-II festgestellt werden. Aufgrund der geringen Versuchsanzahl können die Resultate vorerst als präliminar angesehen werden. Außerdem könnten Versuche mit isolierten Hepatozyten eine wichtige Ergänzung sein, um die Rolle der ADK in der Autophagie in vitro zu charakterisieren.</marc:subfield>
    </marc:datafield>
    <marc:datafield tag="520" ind1=" " ind2=" ">
      <marc:subfield code="a">eng: Autophagy is regarded as important intracellular degradation mechanism that eliminates long-living proteins, lipids and whole cell organelles. In this process, constituents are enclosed by double-membrane containing vesicles, called autophagosomes. After fusion with lysosomes constituents are degraded by lysosomal enzymes. Since degradation products of biomolecules are reused as substrates by cells, autophagy can be considered as recycling mechanism that is activated depending on nutrient supply, metabolic activity and cellular stress. This diploma thesis investigates the effect of adenosine kinase (ADK) inhibition on autophagy with special focus on liver. The enzyme ADK catalyzes phosphorylation of adenosine to adenosine monophosphate and plays therefore an important role in maintaining the cellular equilibrium between adenosine and its phosphorylated products.Hepatic homogenates of mice that had been in vivo treated with vehicle or the ADK-inhibitor ABT-702 (10 mg/kg KG) were prepared and analyzed for autophagy markers LC3-I and LC3-II by Western Blot analysis. Experiments revealed that after treatment for three hours a marked increase in LC3-II protein levels was observed. Moreover, from experiments with bafilomycin-treated mice, we propose that the effect of ABT-702 is related to inhibition of autophagosomal degradation. Furthermore, from experiments with chloradenosine, association between adenosine receptor mediated signal transduction and increased LC3-II protein levels was suggested. However, due to the low number of experiments, results can only be considered as preliminary. Moreover, experiments with isolated hepatocytes may contribute to identification of the mechanism that underlies ADK inhibition on autophagy.</marc:subfield>
    </marc:datafield>
    <marc:datafield tag="655" ind1=" " ind2="7">
      <marc:subfield code="a">Hochschulschrift</marc:subfield>
      <marc:subfield code="0">(DE-588)4113937-9</marc:subfield>
      <marc:subfield code="2">gnd-content</marc:subfield>
    </marc:datafield>
    <marc:datafield tag="700" ind1="1" ind2=" ">
      <marc:subfield code="4">aut</marc:subfield>
    </marc:datafield>
    <marc:datafield tag="751" ind1=" " ind2=" ">
      <marc:subfield code="a">Graz</marc:subfield>
      <marc:subfield code="0">(DE-588)4021912-4</marc:subfield>
      <marc:subfield code="4">uvp</marc:subfield>
      <marc:subfield code="2">gnd</marc:subfield>
    </marc:datafield>
    <marc:datafield tag="856" ind1="4" ind2=" ">
      <marc:subfield code="u">https://it013179.pers.ad.uni-graz.at:7090/Nawi/f72d7e048ecca3ad7043daadc72c5928.pdf</marc:subfield>
      <marc:subfield code="x">UBG</marc:subfield>
      <marc:subfield code="3">Volltext</marc:subfield>
    </marc:datafield>
    <marc:datafield tag="970" ind1="2" ind2=" ">
      <marc:subfield code="d">HS-DIPL</marc:subfield>
    </marc:datafield>
    <marc:datafield tag="971" ind1="1" ind2=" ">
      <marc:subfield code="a">Schrammel-Gorren, Astrid</marc:subfield>
    </marc:datafield>
    <marc:datafield tag="971" ind1="3" ind2=" ">
      <marc:subfield code="a">2017-11</marc:subfield>
    </marc:datafield>
    <marc:datafield tag="971" ind1="5" ind2=" ">
      <marc:subfield code="a">Universität Graz</marc:subfield>
      <marc:subfield code="b">Naturwissenschaftliche Fakultät</marc:subfield>
      <marc:subfield code="c">Institut für Pharmazeutische Wissenschaften</marc:subfield>
      <marc:subfield code="0">vls-obvugr-196515</marc:subfield>
    </marc:datafield>
    <marc:datafield tag="974" ind1="0" ind2="s">
      <marc:subfield code="F">030</marc:subfield>
      <marc:subfield code="A">a|1urr|||||17</marc:subfield>
    </marc:datafield>
    <marc:datafield tag="974" ind1="0" ind2="s">
      <marc:subfield code="F">050</marc:subfield>
      <marc:subfield code="A">a|a|||||g|||||</marc:subfield>
    </marc:datafield>
    <marc:datafield tag="974" ind1="0" ind2="s">
      <marc:subfield code="F">051</marc:subfield>
      <marc:subfield code="A">mu||||||</marc:subfield>
    </marc:datafield>
  </marc:record>
</marc:collection>
